@article{todo,
	title = "(todo)",
	journal = "(todo)",
	year = "2024",
	author = "References"
}
